%% LaTeX2e file `reference.bib'
%% generated by the `filecontents' environment
%% from source `\part{yanputhesis-sample}' on 2023/03/02.

%% 我的参考文献
%% Chen等人 Hu 矩作
@inproceedings{chen2019vision,
	title={A vision based system for anomaly detection and classification in additive manufacturing},
	author={Chen, Wei Jie and Ho, Jee-Hou and Mustapha, Khameel Bayo and Chai, Tong-Yuen},
	booktitle={2019 IEEE conference on sustainable utilization and development in engineering and technologies (CSUDET)},
	pages={87--92},
	year={2019},
	organization={IEEE}
}

%% Vaikundam 等人 SIFT 特征
@inproceedings{vaikundam2016anomaly,
  title={Anomaly region detection and localization in metal surface inspection},
  author={Vaikundam, Sriram and Hung, Tzu-Yi and Chia, Liang Tien},
  booktitle={2016 IEEE International Conference on Image Processing (ICIP)},
  pages={759--763},
  year={2016},
  organization={IEEE}
}

%% Herwig 等人 [3] 
@inproceedings{herwig2013adaptive,
  title={Adaptive anomaly detection within near-regular milling textures},
  author={Herwig, Johannes and Le{\ss}mann, Stephanie and B{\"u}rger, Fabian and Pauli, Josef},
  booktitle={2013 8th International Symposium on Image and Signal Processing and Analysis (ISPA)},
  pages={113--118},
  year={2013},
  organization={IEEE}
}

%% Tsai 等人 [4] 
@article{tsai2018defect,
  title={Defect detection in electronic surfaces using template-based Fourier image reconstruction},
  author={Tsai, Du-Ming and Huang, Chih-Kai},
  journal={IEEE Transactions on Components, Packaging and Manufacturing Technology},
  volume={9},
  number={1},
  pages={163--172},
  year={2018},
  publisher={IEEE}
}

%% Reed 等人 [5] RX
@article{reed1990adaptive,
  title={Adaptive multiple-band CFAR detection of an optical pattern with unknown spectral distribution},
  author={Reed, Irving S and Yu, Xiaoli},
  journal={IEEE transactions on acoustics, speech, and signal processing},
  volume={38},
  number={10},
  pages={1760--1770},
  year={1990},
  publisher={IEEE}
}

%% 分布情况 [6]
@article{du2010random,
  title={Random-selection-based anomaly detector for hyperspectral imagery},
  author={Du, Bo and Zhang, Liangpei},
  journal={IEEE Transactions on Geoscience and Remote sensing},
  volume={49},
  number={5},
  pages={1578--1589},
  year={2010},
  publisher={IEEE}
}

%% Veracini 等人 [7] 
@inproceedings{veracini2009fully,
  title={Fully unsupervised learning of Gaussian mixtures for anomaly detection in hyperspectral imagery},
  author={Veracini, Tiziana and Matteoli, Stefania and Diani, Marco and Corsini, Giovanni},
  booktitle={2009 Ninth International Conference on Intelligent Systems Design and Applications},
  pages={596--601},
  year={2009},
  organization={IEEE}
}

%% Zhang 等人 [8] 马尔科夫随机场
@article{zhang2018automatic,
  title={Automatic visual detection system of railway surface defects with curvature filter and improved Gaussian mixture model},
  author={Zhang, Hui and Jin, Xiating and Wu, QM Jonathan and Wang, Yaonan and He, Zhendong and Yang, Yimin},
  journal={IEEE Transactions on Instrumentation and Measurement},
  volume={67},
  number={7},
  pages={1593--1608},
  year={2018},
  publisher={IEEE}
}

%% Liang 等人[9] 编码向量
@article{liang2016touch,
  title={Touch screen defect inspection based on sparse representation in low resolution images},
  author={Liang, Lie-Quan and Li, Di and Fu, Xin and Zhang, Wu-Jie},
  journal={Multimedia Tools and Applications},
  volume={75},
  pages={2655--2666},
  year={2016},
  publisher={Springer}
}

%% Boracchi 等人 [10] 在稀疏度的基础上联合考虑重构误差
@article{carrera2016defect,
  title={Defect detection in SEM images of nanofibrous materials},
  author={Carrera, Diego and Manganini, Fabio and Boracchi, Giacomo and Lanzarone, Ettore},
  journal={IEEE Transactions on Industrial Informatics},
  volume={13},
  number={2},
  pages={551--561},
  year={2016},
  publisher={IEEE}
}

%% Carrera 等人 [11] 则在传统的稀疏编码中结合了多尺度的策略
@inproceedings{carrera2016scale,
  title={Scale-invariant anomaly detection with multiscale group-sparse models},
  author={Carrera, Diego and Boracchi, Giacomo and Foi, Alessandro and Wohlberg, Brendt},
  booktitle={2016 IEEE International Conference on Image Processing (ICIP)},
  pages={3892--3896},
  year={2016},
  organization={IEEE}
}

%% Chen 等人 [12] 在考虑稀疏度和重构精度的同时
@article{chen2011sparse,
  title={Sparse representation for target detection in hyperspectral imagery},
  author={Chen, Yi and Nasrabadi, Nasser M and Tran, Trac D},
  journal={IEEE Journal of Selected Topics in Signal Processing},
  volume={5},
  number={3},
  pages={629--640},
  year={2011},
  publisher={IEEE}
}

%% 单类支持向量机 OC-SVM  [13][14] Amraee 等人 [14] 
@article{scholkopf1999support,
  title={Support vector method for novelty detection},
  author={Sch{\"o}lkopf, Bernhard and Williamson, Robert C and Smola, Alex and Shawe-Taylor, John and Platt, John},
  journal={Advances in neural information processing systems},
  volume={12},
  year={1999}
}

@article{amraee2018abnormal,
  title={Abnormal event detection in crowded scenes using one-class SVM},
  author={Amraee, Somaieh and Vafaei, Abbas and Jamshidi, Kamal and Adibi, Peyman},
  journal={Signal, Image and Video Processing},
  volume={12},
  pages={1115--1123},
  year={2018},
  publisher={Springer}
}

%% 支持向量描述数据 SVDD [15]
@article{tax2004support,
  title={Support vector data description},
  author={Tax, David MJ and Duin, Robert PW},
  journal={Machine learning},
  volume={54},
  pages={45--66},
  year={2004},
  publisher={Springer}
}

%% Azami 等人 [16] 对脑部核磁共振图像提取多种特征
@inproceedings{el2015combining,
  title={Combining multi-parametric MR images for the detection of epileptogenic lesions},
  author={El Azami, Meriem and Bouet, Romain and Jung, Julien and Hammers, Alexander and Lartizien, Carole},
  booktitle={2015 IEEE 12th International Symposium on Biomedical Imaging (ISBI)},
  pages={122--125},
  year={2015},
  organization={IEEE}
}


%% Zhang 等人 [17] 和 Gurram 等人 [18] 都将 SVDD 引入到了高光谱图像的异常检测任务中
@inproceedings{zhang2010anomaly,
  title={Anomaly detection for hyperspectral imagery based on incremental support vector data description},
  author={Zhang, Liyan and Sun, Yonghua and Meng, Dan and Li, Xiaojuan},
  booktitle={2010 International Conference on Multimedia Technology},
  pages={1--4},
  year={2010},
  organization={IEEE}
}

@inproceedings{gurram2011hyperspectral,
  title={Hyperspectral anomaly detection using an optimized support vector data description method},
  author={Gurram, Prudhvi and Kwon, Heesung},
  booktitle={2011 3rd Workshop on Hyperspectral Image and Signal Processing: Evolution in Remote Sensing (WHISPERS)},
  pages={1--4},
  year={2011},
  organization={IEEE}
}

%% Liu 等人 [19] 提出了加速 SVDD 以实现液晶屏表面
@article{liu2010fast,
  title={Fast support vector data descriptions for novelty detection},
  author={Liu, Yi-Hung and Liu, Yan-Chen and Chen, Yen-Jen},
  journal={IEEE Transactions on Neural Networks},
  volume={21},
  number={8},
  pages={1296--1313},
  year={2010},
  publisher={IEEE}
}
%% 深度学习 2

%% Mei等人[20]利用降噪自编码器
@article{mei2018unsupervised,
  title={An unsupervised-learning-based approach for automated defect inspection on textured surfaces},
  author={Mei, Shuang and Yang, Hua and Yin, Zhouping},
  journal={IEEE transactions on instrumentation and measurement},
  volume={67},
  number={6},
  pages={1266--1277},
  year={2018},
  publisher={IEEE}
}

%% 多尺度的策略[21]
@inproceedings{lin2017feature,
  title={Feature pyramid networks for object detection},
  author={Lin, Tsung-Yi and Doll{\'a}r, Piotr and Girshick, Ross and He, Kaiming and Hariharan, Bharath and Belongie, Serge},
  booktitle={Proceedings of the IEEE conference on computer vision and pattern recognition},
  pages={2117--2125},
  year={2017}
}

%% Gong等人[22]提出的记忆强化自编码器
@inproceedings{gong2019memorizing,
  title={Memorizing normality to detect anomaly: Memory-augmented deep autoencoder for unsupervised anomaly detection},
  author={Gong, Dong and Liu, Lingqiao and Le, Vuong and Saha, Budhaditya and Mansour, Moussa Reda and Venkatesh, Svetha and Hengel, Anton van den},
  booktitle={Proceedings of the IEEE/CVF international conference on computer vision},
  pages={1705--1714},
  year={2019}
}

%% Schlegl等人[23]提出的基于GAN的异常检测模型
@inproceedings{schlegl2017unsupervised,
  title={Unsupervised anomaly detection with generative adversarial networks to guide marker discovery},
  author={Schlegl, Thomas and Seeb{\"o}ck, Philipp and Waldstein, Sebastian M and Schmidt-Erfurth, Ursula and Langs, Georg},
  booktitle={International conference on information processing in medical imaging},
  pages={146--157},
  year={2017},
  organization={Springer}
}

%% Yang等人[24]在隐变量层增加了基于聚类损失的正则项
@article{yang2019multiscale,
  title={Multiscale feature-clustering-based fully convolutional autoencoder for fast accurate visual inspection of texture surface defects},
  author={Yang, Hua and Chen, Yifan and Song, Kaiyou and Yin, Zhouping},
  journal={IEEE Transactions on Automation Science and Engineering},
  volume={16},
  number={3},
  pages={1450--1467},
  year={2019},
  publisher={IEEE}
}

%% ImageNet[25]
@inproceedings{deng2009imagenet,
  title={Imagenet: A large-scale hierarchical image database},
  author={Deng, Jia and Dong, Wei and Socher, Richard and Li, Li-Jia and Li, Kai and Fei-Fei, Li},
  booktitle={2009 IEEE conference on computer vision and pattern recognition},
  pages={248--255},
  year={2009},
  organization={Ieee}
}

%% 多元高斯分布[26]
@inproceedings{defard2021padim,
  title={Padim: a patch distribution modeling framework for anomaly detection and localization},
  author={Defard, Thomas and Setkov, Aleksandr and Loesch, Angelique and Audigier, Romaric},
  booktitle={International Conference on Pattern Recognition},
  pages={475--489},
  year={2021},
  organization={Springer}
}

%% 内存库[27]
@inproceedings{roth2022towards,
  title={Towards total recall in industrial anomaly detection},
  author={Roth, Karsten and Pemula, Latha and Zepeda, Joaquin and Sch{\"o}lkopf, Bernhard and Brox, Thomas and Gehler, Peter},
  booktitle={Proceedings of the IEEE/CVF conference on computer vision and pattern recognition},
  pages={14318--14328},
  year={2022}
}
@inproceedings{gong2019memorizing,
  title={Memorizing normality to detect anomaly: Memory-augmented deep autoencoder for unsupervised anomaly detection},
  author={Gong, Dong and Liu, Lingqiao and Le, Vuong and Saha, Budhaditya and Mansour, Moussa Reda and Venkatesh, Svetha and Hengel, Anton van den},
  booktitle={Proceedings of the IEEE/CVF international conference on computer vision},
  pages={1705--1714},
  year={2019}
}
@inproceedings{hou2021divide,
  title={Divide-and-assemble: Learning block-wise memory for unsupervised anomaly detection},
  author={Hou, Jinlei and Zhang, Yingying and Zhong, Qiaoyong and Xie, Di and Pu, Shiliang and Zhou, Hong},
  booktitle={Proceedings of the IEEE/CVF International Conference on Computer Vision},
  pages={8791--8800},
  year={2021}
}
@article{yang2020improving,
  title={Improving unsupervised anomaly localization by applying multi-scale memories to autoencoders},
  author={Yang, Yifei and Xiang, Shibing and Zhang, Ruixiang},
  journal={arXiv preprint arXiv:2012.11113},
  year={2020}
}

%% FYD[39]设计了一个两级粗到细的特征对齐网络
@inproceedings{zheng2022focus,
  title={Focus your distribution: Coarse-to-fine non-contrastive learning for anomaly detection and localization},
  author={Zheng, Ye and Wang, Xiang and Deng, Rui and Bao, Tianpeng and Zhao, Rui and Wu, Liwei},
  booktitle={2022 IEEE International Conference on Multimedia and Expo (ICME)},
  pages={1--6},
  year={2022},
  organization={IEEE}
}

%% SPADE[40]将KNN异常检测方法扩展到像素级
@article{cohen2005sub,
  title={Sub-image anomaly detection with deep pyramid correspondences. arXiv 2020},
  author={Cohen, N and Hoshen, Y},
  journal={arXiv preprint arXiv:2005.02357},
  year={2005}
}

%% PaDiM[26]
@inproceedings{defard2021padim,
  title={Padim: a patch distribution modeling framework for anomaly detection and localization},
  author={Defard, Thomas and Setkov, Aleksandr and Loesch, Angelique and Audigier, Romaric},
  booktitle={International Conference on Pattern Recognition},
  pages={475--489},
  year={2021},
  organization={Springer}
}

%% PatchCore[27]
@inproceedings{roth2022towards,
  title={Towards total recall in industrial anomaly detection},
  author={Roth, Karsten and Pemula, Latha and Zepeda, Joaquin and Sch{\"o}lkopf, Bernhard and Brox, Thomas and Gehler, Peter},
  booktitle={Proceedings of the IEEE/CVF conference on computer vision and pattern recognition},
  pages={14318--14328},
  year={2022}
}

%% 正则化流
@inproceedings{rezende2015variational,
  title={Variational inference with normalizing flows},
  author={Rezende, Danilo and Mohamed, Shakir},
  booktitle={International conference on machine learning},
  pages={1530--1538},
  year={2015},
  organization={PMLR}
}

%% 概率密度[28]
@article{serra2019input,
  title={Input complexity and out-of-distribution detection with likelihood-based generative models},
  author={Serr{\`a}, Joan and {\'A}lvarez, David and G{\'o}mez, Vicen{\c{c}} and Slizovskaia, Olga and N{\'u}{\~n}ez, Jos{\'e} F and Luque, Jordi},
  journal={arXiv preprint arXiv:1909.11480},
  year={2019}
}

%% NICE[41]提出了具有酉雅可比行列式的加性耦合层
@article{dinh2014nice,
  title={Nice: Non-linear independent components estimation},
  author={Dinh, Laurent and Krueger, David and Bengio, Yoshua},
  journal={arXiv preprint arXiv:1410.8516},
  year={2014}
}

%% RealNVP [42]
@article{dinh2016density,
  title={Density estimation using real nvp},
  author={Dinh, Laurent and Sohl-Dickstein, Jascha and Bengio, Samy},
  journal={arXiv preprint arXiv:1605.08803},
  year={2016}
}

%% Kirichenko等人[29]揭示了在原始RGB图像上训练的流模型通常分配异常的概率可能性高于正常数据
@article{kirichenko2020normalizing,
  title={Why normalizing flows fail to detect out-of-distribution data},
  author={Kirichenko, Polina and Izmailov, Pavel and Wilson, Andrew G},
  journal={Advances in neural information processing systems},
  volume={33},
  pages={20578--20589},
  year={2020}
}

%% DifferNet[30]
@inproceedings{rudolph2021same,
  title={Same same but differnet: Semi-supervised defect detection with normalizing flows},
  author={Rudolph, Marco and Wandt, Bastian and Rosenhahn, Bodo},
  booktitle={Proceedings of the IEEE/CVF winter conference on applications of computer vision},
  pages={1907--1916},
  year={2021}
}

%% CFlow-AD[31]
@inproceedings{gudovskiy2022cflow,
  title={Cflow-ad: Real-time unsupervised anomaly detection with localization via conditional normalizing flows},
  author={Gudovskiy, Denis and Ishizaka, Shun and Kozuka, Kazuki},
  booktitle={Proceedings of the IEEE/CVF winter conference on applications of computer vision},
  pages={98--107},
  year={2022}
}

%% PyramidFlow[37]
@inproceedings{lei2023pyramidflow,
  title={Pyramidflow: High-resolution defect contrastive localization using pyramid normalizing flow},
  author={Lei, Jiarui and Hu, Xiaobo and Wang, Yue and Liu, Dong},
  booktitle={Proceedings of the IEEE/CVF conference on computer vision and pattern recognition},
  pages={14143--14152},
  year={2023}
}

%% 一些研究（DRAEM、CutPaste、AnoSeg）尝试在训练过程中生成人工模拟的异常样本
@inproceedings{zavrtanik2021draem,
  title={Draem-a discriminatively trained reconstruction embedding for surface anomaly detection},
  author={Zavrtanik, Vitjan and Kristan, Matej and Sko{\v{c}}aj, Danijel},
  booktitle={Proceedings of the IEEE/CVF international conference on computer vision},
  pages={8330--8339},
  year={2021}
}

@inproceedings{li2021cutpaste,
  title={Cutpaste: Self-supervised learning for anomaly detection and localization},
  author={Li, Chun-Liang and Sohn, Kihyuk and Yoon, Jinsung and Pfister, Tomas},
  booktitle={Proceedings of the IEEE/CVF conference on computer vision and pattern recognition},
  pages={9664--9674},
  year={2021}
}

@article{song2021anoseg,
  title={AnoSeg: Anomaly segmentation network using self-supervised learning},
  author={Song, Jouwon and Kong, Kyeongbo and Park, Ye-In and Kim, Seong-Gyun and Kang, Suk-Ju},
  journal={arXiv preprint arXiv:2110.03396},
  year={2021}
}
%% CutPaste[17]
@inproceedings{li2021cutpaste,
  title={Cutpaste: Self-supervised learning for anomaly detection and localization},
  author={Li, Chun-Liang and Sohn, Kihyuk and Yoon, Jinsung and Pfister, Tomas},
  booktitle={Proceedings of the IEEE/CVF conference on computer vision and pattern recognition},
  pages={9664--9674},
  year={2021}
}

%% AnoSeg（Song 等，2021）
@article{song2021anoseg,
  title={AnoSeg: Anomaly segmentation network using self-supervised learning},
  author={Song, Jouwon and Kong, Kyeongbo and Park, Ye-In and Kim, Seong-Gyun and Kang, Suk-Ju},
  journal={arXiv preprint arXiv:2110.03396},
  year={2021}
}

%% NSA[26]使用泊松图像编辑技术
@inproceedings{schluter2022natural,
  title={Natural synthetic anomalies for self-supervised anomaly detection and localization},
  author={Schl{\"u}ter, Hannah M and Tan, Jeremy and Hou, Benjamin and Kainz, Bernhard},
  booktitle={European Conference on Computer Vision},
  pages={474--489},
  year={2022},
  organization={Springer}
}

%% DRAEM[36]
@inproceedings{zavrtanik2021draem,
  title={Draem-a discriminatively trained reconstruction embedding for surface anomaly detection},
  author={Zavrtanik, Vitjan and Kristan, Matej and Sko{\v{c}}aj, Danijel},
  booktitle={Proceedings of the IEEE/CVF international conference on computer vision},
  pages={8330--8339},
  year={2021}
}

%% DSR[38]
@inproceedings{zavrtanik2022dsr,
  title={Dsr--a dual subspace re-projection network for surface anomaly detection},
  author={Zavrtanik, Vitjan and Kristan, Matej and Sko{\v{c}}aj, Danijel},
  booktitle={European conference on computer vision},
  pages={539--554},
  year={2022},
  organization={Springer}
}

%% SimpleNet[20]
@inproceedings{liu2023simplenet,
  title={Simplenet: A simple network for image anomaly detection and localization},
  author={Liu, Zhikang and Zhou, Yiming and Xu, Yuansheng and Wang, Zilei},
  booktitle={Proceedings of the IEEE/CVF Conference on Computer Vision and Pattern Recognition},
  pages={20402--20411},
  year={2023}
}

%% UniAD[34]
@article{you2022unified,
  title={A unified model for multi-class anomaly detection},
  author={You, Zhiyuan and Cui, Lei and Shen, Yujun and Yang, Kai and Lu, Xin and Zheng, Yu and Le, Xinyi},
  journal={Advances in Neural Information Processing Systems},
  volume={35},
  pages={4571--4584},
  year={2022}
}

%% 第二章相关技术
%% Hawkins等人[27]对异常的定义
@misc{hawkins1980identification,
  title={Identification of outliers},
  author={Hawkins, D},
  year={1980},
  publisher={Chapman and Hall}
}

%% 异常检测的定义
@article{hodge2004survey,
  title={A survey of outlier detection methodologies},
  author={Hodge, Victoria and Austin, Jim},
  journal={Artificial intelligence review},
  volume={22},
  pages={85--126},
  year={2004},
  publisher={Springer}
}

%% 视觉异常检测在工业外观缺陷检测、安防监控、医学图像分析和农业生产等领域
% 工业外观缺陷检测
@article{jian2017automatic,
  title={Automatic surface defect detection for mobile phone screen glass based on machine vision},
  author={Jian, Chuanxia and Gao, Jian and Ao, Yinhui},
  journal={Applied Soft Computing},
  volume={52},
  pages={348--358},
  year={2017},
  publisher={Elsevier}
}
% 安防监控
@article{sabokrou2018deep,
  title={Deep-anomaly: Fully convolutional neural network for fast anomaly detection in crowded scenes},
  author={Sabokrou, Mohammad and Fayyaz, Mohsen and Fathy, Mahmood and Moayed, Zahra and Klette, Reinhard},
  journal={Computer Vision and Image Understanding},
  volume={172},
  pages={88--97},
  year={2018},
  publisher={Elsevier}
}
% 医学图像分析
@inproceedings{roth2015anatomy,
  title={Anatomy-specific classification of medical images using deep convolutional nets},
  author={Roth, Holger R and Lee, Christopher T and Shin, Hoo-Chang and Seff, Ari and Kim, Lauren and Yao, Jianhua and Lu, Le and Summers, Ronald M},
  booktitle={2015 IEEE 12th international symposium on biomedical imaging (ISBI)},
  pages={101--104},
  year={2015},
  organization={IEEE}
}
@inproceedings{schlegl2017unsupervised,
  title={Unsupervised anomaly detection with generative adversarial networks to guide marker discovery},
  author={Schlegl, Thomas and Seeb{\"o}ck, Philipp and Waldstein, Sebastian M and Schmidt-Erfurth, Ursula and Langs, Georg},
  booktitle={International conference on information processing in medical imaging},
  pages={146--157},
  year={2017},
  organization={Springer}
}
% 农业生产
@inproceedings{kawasaki2015basic,
  title={Basic study of automated diagnosis of viral plant diseases using convolutional neural networks},
  author={Kawasaki, Yusuke and Uga, Hiroyuki and Kagiwada, Satoshi and Iyatomi, Hitoshi},
  booktitle={Advances in Visual Computing: 11th International Symposium, ISVC 2015, Las Vegas, NV, USA, December 14-16, 2015, Proceedings, Part II 11},
  pages={638--645},
  year={2015},
  organization={Springer}
}

%% 异常检测在在金融领域
@inproceedings{abd2021deep,
  title={Deep learning approach for credit card fraud detection},
  author={Abd El Naby, Aya and Hemdan, Ezz El-Din and El-Sayed, Ayman},
  booktitle={2021 International Conference on Electronic Engineering (ICEEM)},
  pages={1--5},
  year={2021},
  organization={IEEE}
}

%% 在网络监控领域
@article{simmross2011anomaly,
  title={Anomaly detection in network traffic based on statistical inference and$\backslash$alpha-stable modeling},
  author={Simmross-Wattenberg, Federico and Asensio-Perez, Juan Ignacio and Casaseca-De-La-Higuera, Pablo and Martin-Fernandez, Marcos and Dimitriadis, Ioannis A and Alberola-Lopez, Carlos},
  journal={IEEE Transactions on Dependable and Secure Computing},
  volume={8},
  number={4},
  pages={494--509},
  year={2011},
  publisher={IEEE}
}

%% 均方误差（Mean-Square Error, MSE）

%% CNN 卷积神经网络 56
@article{lecun1998gradient,
  title={Gradient-based learning applied to document recognition},
  author={LeCun, Yann and Bottou, L{\'e}on and Bengio, Yoshua and Haffner, Patrick},
  journal={Proceedings of the IEEE},
  volume={86},
  number={11},
  pages={2278--2324},
  year={1998},
  publisher={Ieee}
}

%% CNN的应用图像识别、对象检测、情绪识别
% 图像识别
@article{krizhevsky2012imagenet,
  title={Imagenet classification with deep convolutional neural networks},
  author={Krizhevsky, Alex and Sutskever, Ilya and Hinton, Geoffrey E},
  journal={Advances in neural information processing systems},
  volume={25},
  year={2012}
}
% 对象检测
@inproceedings{girshick2014rich,
  title={Rich feature hierarchies for accurate object detection and semantic segmentation},
  author={Girshick, Ross and Donahue, Jeff and Darrell, Trevor and Malik, Jitendra},
  booktitle={Proceedings of the IEEE conference on computer vision and pattern recognition},
  pages={580--587},
  year={2014}
}
% 情绪识别
@article{mollahosseini2017affectnet,
  title={Affectnet: A database for facial expression, valence, and arousal computing in the wild},
  author={Mollahosseini, Ali and Hasani, Behzad and Mahoor, Mohammad H},
  journal={IEEE Transactions on Affective Computing},
  volume={10},
  number={1},
  pages={18--31},
  year={2017},
  publisher={IEEE}
}

%% CNN已成为图像识别、目标检测、语义分割、视频分析等领域
% 图像识别
@article{krizhevsky2012imagenet,
  title={Imagenet classification with deep convolutional neural networks},
  author={Krizhevsky, Alex and Sutskever, Ilya and Hinton, Geoffrey E},
  journal={Advances in neural information processing systems},
  volume={25},
  year={2012}
}
%目标检测
@article{ren2016faster,
  title={Faster R-CNN: Towards real-time object detection with region proposal networks},
  author={Ren, Shaoqing and He, Kaiming and Girshick, Ross and Sun, Jian},
  journal={IEEE transactions on pattern analysis and machine intelligence},
  volume={39},
  number={6},
  pages={1137--1149},
  year={2016},
  publisher={IEEE}
}
% 语义分割
@inproceedings{long2015fully,
  title={Fully convolutional networks for semantic segmentation},
  author={Long, Jonathan and Shelhamer, Evan and Darrell, Trevor},
  booktitle={Proceedings of the IEEE conference on computer vision and pattern recognition},
  pages={3431--3440},
  year={2015}
}
% 视频分析
@inproceedings{tran2015learning,
  title={Learning spatiotemporal features with 3d convolutional networks},
  author={Tran, Du and Bourdev, Lubomir and Fergus, Rob and Torresani, Lorenzo and Paluri, Manohar},
  booktitle={Proceedings of the IEEE international conference on computer vision},
  pages={4489--4497},
  year={2015}
}

%% Sigmoid 38
@inproceedings{han1995influence,
  title={The influence of the sigmoid function parameters on the speed of backpropagation learning},
  author={Han, Jun and Moraga, Claudio},
  booktitle={International workshop on artificial neural networks},
  pages={195--201},
  year={1995},
  organization={Springer}
}

%% Tanh 39
@article{lecun2012efficient,
  title={Efficient backprop In: Neural Networks: Tricks of the Trade, 9--48},
  author={LeCun, Yann A and Bottou, L{\'e}on and Orr, Genevieve B and M{\"u}ller, Klaus-Robert},
  journal={Springer},
  volume={10},
  pages={3--540},
  year={2012}
}

%% ReLU 60 40
@article{simonyan2014very,
  title={Very deep convolutional networks for large-scale image recognition},
  author={Simonyan, Karen and Zisserman, Andrew},
  journal={arXiv preprint arXiv:1409.1556},
  year={2014}
}

%% 残差网络（Residual Network, ResNet）
@inproceedings{he2016deep,
  title={Deep residual learning for image recognition},
  author={He, Kaiming and Zhang, Xiangyu and Ren, Shaoqing and Sun, Jian},
  booktitle={Proceedings of the IEEE conference on computer vision and pattern recognition},
  pages={770--778},
  year={2016}
}

%% Hadamard乘积

%% 自编码器在多个领域都有广泛的应用，例如数据去噪、图像重构、数据降维、机器翻译以及异常检测等
% 数据去噪
@inproceedings{vincent2008extracting,
  title={Extracting and composing robust features with denoising autoencoders},
  author={Vincent, Pascal and Larochelle, Hugo and Bengio, Yoshua and Manzagol, Pierre-Antoine},
  booktitle={Proceedings of the 25th international conference on Machine learning},
  pages={1096--1103},
  year={2008}
}
% 图像重构
@inproceedings{masci2011stacked,
  title={Stacked convolutional auto-encoders for hierarchical feature extraction},
  author={Masci, Jonathan and Meier, Ueli and Cire{\c{s}}an, Dan and Schmidhuber, J{\"u}rgen},
  booktitle={Artificial Neural Networks and Machine Learning--ICANN 2011: 21st International Conference on Artificial Neural Networks, Espoo, Finland, June 14-17, 2011, Proceedings, Part I 21},
  pages={52--59},
  year={2011},
  organization={Springer}
}
% 数据降维
@article{hinton2006reducing,
  title={Reducing the dimensionality of data with neural networks},
  author={Hinton, Geoffrey E and Salakhutdinov, Ruslan R},
  journal={science},
  volume={313},
  number={5786},
  pages={504--507},
  year={2006},
  publisher={American Association for the Advancement of Science}
}
% 机器翻译
@article{sutskever2014sequence,
  title={Sequence to Sequence Learning with Neural Networks},
  author={Sutskever, I},
  journal={arXiv preprint arXiv:1409.3215},
  year={2014}
}
% 异常检测
@inproceedings{sakurada2014anomaly,
  title={Anomaly detection using autoencoders with nonlinear dimensionality reduction},
  author={Sakurada, Mayu and Yairi, Takehisa},
  booktitle={Proceedings of the MLSDA 2014 2nd workshop on machine learning for sensory data analysis},
  pages={4--11},
  year={2014}
}

%% CNN的应用

%% 自编码器（AutoEncoder, AE） 13
@article{kingma2013auto,
  title={Auto-encoding variational bayes},
  author={Kingma, Diederik P},
  journal={arXiv preprint arXiv:1312.6114},
  year={2013}
}

%% 全卷积网络（Fully Convolutional Network, FCN）[47]
@inproceedings{long2015fully,
  title={Fully convolutional networks for semantic segmentation},
  author={Long, Jonathan and Shelhamer, Evan and Darrell, Trevor},
  booktitle={Proceedings of the IEEE conference on computer vision and pattern recognition},
  pages={3431--3440},
  year={2015}
}

%% 注意力机制[35] 35
@inproceedings{woo2018cbam,
  title={Cbam: Convolutional block attention module},
  author={Woo, Sanghyun and Park, Jongchan and Lee, Joon-Young and Kweon, In So},
  booktitle={Proceedings of the European conference on computer vision (ECCV)},
  pages={3--19},
  year={2018}
}

%%  MVTec AD
@inproceedings{bergmann2019mvtec,
  title={MVTec AD--A comprehensive real-world dataset for unsupervised anomaly detection},
  author={Bergmann, Paul and Fauser, Michael and Sattlegger, David and Steger, Carsten},
  booktitle={Proceedings of the IEEE/CVF conference on computer vision and pattern recognition},
  pages={9592--9600},
  year={2019}
}

%% PRO分数是AUROC指标的补充，由Bergmann等人[36]提出
@inproceedings{bergmann2020uninformed,
  title={Uninformed students: Student-teacher anomaly detection with discriminative latent embeddings},
  author={Bergmann, Paul and Fauser, Michael and Sattlegger, David and Steger, Carsten},
  booktitle={Proceedings of the IEEE/CVF conference on computer vision and pattern recognition},
  pages={4183--4192},
  year={2020}
}

%% 意味着模型没有任何分离能力
@article{narkhede2018understanding,
  title={Understanding auc-roc curve},
  author={Narkhede, Sarang},
  journal={Towards data science},
  volume={26},
  number={1},
  pages={220--227},
  year={2018}
}

%% P-SVDD / Patch-SVDD
@inproceedings{yi2020patch,
  title={Patch svdd: Patch-level svdd for anomaly detection and segmentation},
  author={Yi, Jihun and Yoon, Sungroh},
  booktitle={Proceedings of the Asian conference on computer vision},
  year={2020}
}

%% DifferNet

%% CS-Flow

%% 视觉Transformer 52
@article{vaswani2017attention,
  title={Attention is all you need},
  author={Vaswani, A},
  journal={Advances in Neural Information Processing Systems},
  year={2017}
}

%% ViT 54
@article{alexey2020image,
  title={An image is worth 16x16 words: Transformers for image recognition at scale},
  author={Alexey, Dosovitskiy},
  journal={arXiv preprint arXiv: 2010.11929},
  year={2020}
}

%% CaiT 
@inproceedings{touvron2021going,
  title={Going deeper with image transformers},
  author={Touvron, Hugo and Cord, Matthieu and Sablayrolles, Alexandre and Synnaeve, Gabriel and J{\'e}gou, Herv{\'e}},
  booktitle={Proceedings of the IEEE/CVF international conference on computer vision},
  pages={32--42},
  year={2021}
}

%% DeiT 56
@inproceedings{touvron2021training,
  title={Training data-efficient image transformers \& distillation through attention},
  author={Touvron, Hugo and Cord, Matthieu and Douze, Matthijs and Massa, Francisco and Sablayrolles, Alexandre and J{\'e}gou, Herv{\'e}},
  booktitle={International conference on machine learning},
  pages={10347--10357},
  year={2021},
  organization={PMLR}
}

%%%%%%%%%%%%%%%%%%% MultiFlow部分
%% 欺诈检测[1]
@article{dal2017credit,
  title={Credit card fraud detection: a realistic modeling and a novel learning strategy},
  author={Dal Pozzolo, Andrea and Boracchi, Giacomo and Caelen, Olivier and Alippi, Cesare and Bontempi, Gianluca},
  journal={IEEE transactions on neural networks and learning systems},
  volume={29},
  number={8},
  pages={3784--3797},
  year={2017},
  publisher={IEEE}
}

%% 暴力检测[2]
@inproceedings{sultani2018real,
  title={Real-world anomaly detection in surveillance videos},
  author={Sultani, Waqas and Chen, Chen and Shah, Mubarak},
  booktitle={Proceedings of the IEEE conference on computer vision and pattern recognition},
  pages={6479--6488},
  year={2018}
}

%% 医学诊断[3]
@article{paluru2021anam,
  title={Anam-Net: Anamorphic depth embedding-based lightweight CNN for segmentation of anomalies in COVID-19 chest CT images},
  author={Paluru, Naveen and Dayal, Aveen and Jenssen, H{\aa}vard Bj{\o}rke and Sakinis, Tomas and Cenkeramaddi, Linga Reddy and Prakash, Jaya and Yalavarthy, Phaneendra K},
  journal={IEEE Transactions on Neural Networks and Learning Systems},
  volume={32},
  number={3},
  pages={932--946},
  year={2021},
  publisher={IEEE}
}

%% 工业缺陷检测[4]
@inproceedings{bergmann2019mvtec,
  title={MVTec AD--A comprehensive real-world dataset for unsupervised anomaly detection},
  author={Bergmann, Paul and Fauser, Michael and Sattlegger, David and Steger, Carsten},
  booktitle={Proceedings of the IEEE/CVF conference on computer vision and pattern recognition},
  pages={9592--9600},
  year={2019}
}

%% 像素级重建误差[4]-[8]
% [4]
@inproceedings{bergmann2019mvtec,
  title={MVTec AD--A comprehensive real-world dataset for unsupervised anomaly detection},
  author={Bergmann, Paul and Fauser, Michael and Sattlegger, David and Steger, Carsten},
  booktitle={Proceedings of the IEEE/CVF conference on computer vision and pattern recognition},
  pages={9592--9600},
  year={2019}
}
% [5]
@article{zavrtanik2021reconstruction,
  title={Reconstruction by inpainting for visual anomaly detection},
  author={Zavrtanik, Vitjan and Kristan, Matej and Sko{\v{c}}aj, Danijel},
  journal={Pattern Recognition},
  volume={112},
  pages={107706},
  year={2021},
  publisher={Elsevier}
}
% [6]
@inproceedings{marimont2021anomaly,
  title={Anomaly detection through latent space restoration using vector quantized variational autoencoders},
  author={Marimont, Sergio Naval and Tarroni, Giacomo},
  booktitle={2021 IEEE 18th International Symposium on Biomedical Imaging (ISBI)},
  pages={1764--1767},
  year={2021},
  organization={IEEE}
}
% [7]
@inproceedings{ristea2022self,
  title={Self-supervised predictive convolutional attentive block for anomaly detection},
  author={Ristea, Nicolae-C{\u{a}}t{\u{a}}lin and Madan, Neelu and Ionescu, Radu Tudor and Nasrollahi, Kamal and Khan, Fahad Shahbaz and Moeslund, Thomas B and Shah, Mubarak},
  booktitle={Proceedings of the IEEE/CVF conference on computer vision and pattern recognition},
  pages={13576--13586},
  year={2022}
}
% [8]
@inproceedings{deng2022anomaly,
  title={Anomaly detection via reverse distillation from one-class embedding},
  author={Deng, Hanqiu and Li, Xingyu},
  booktitle={Proceedings of the IEEE/CVF conference on computer vision and pattern recognition},
  pages={9737--9746},
  year={2022}
}

%% 聚类像素级或区域级无异常样本来区分异常区域[9]-[12]
% [9] padim
@inproceedings{defard2021padim,
  title={Padim: a patch distribution modeling framework for anomaly detection and localization},
  author={Defard, Thomas and Setkov, Aleksandr and Loesch, Angelique and Audigier, Romaric},
  booktitle={International Conference on Pattern Recognition},
  pages={475--489},
  year={2021},
  organization={Springer}
}
% [10] 
@inproceedings{reiss2021panda,
  title={Panda: Adapting pretrained features for anomaly detection and segmentation},
  author={Reiss, Tal and Cohen, Niv and Bergman, Liron and Hoshen, Yedid},
  booktitle={Proceedings of the IEEE/CVF Conference on Computer Vision and Pattern Recognition},
  pages={2806--2814},
  year={2021}
}
% [11] arxiv
@article{cohen2020sub,
  title={Sub-image anomaly detection with deep pyramid correspondences},
  author={Cohen, Niv and Hoshen, Yedid},
  journal={arXiv preprint arXiv:2005.02357},
  year={2020}
}
% [12] PatchCore
@inproceedings{roth2022towards,
  title={Towards total recall in industrial anomaly detection},
  author={Roth, Karsten and Pemula, Latha and Zepeda, Joaquin and Sch{\"o}lkopf, Bernhard and Brox, Thomas and Gehler, Peter},
  booktitle={Proceedings of the IEEE/CVF conference on computer vision and pattern recognition},
  pages={14318--14328},
  year={2022}
}

%% 正则化流[14]
@inproceedings{rezende2015variational,
  title={Variational inference with normalizing flows},
  author={Rezende, Danilo and Mohamed, Shakir},
  booktitle={International conference on machine learning},
  pages={1530--1538},
  year={2015},
  organization={PMLR}
}

%% 特征图像金字塔[13]、[16]
% [13]
@inproceedings{rudolph2021same,
  title={Same same but differnet: Semi-supervised defect detection with normalizing flows},
  author={Rudolph, Marco and Wandt, Bastian and Rosenhahn, Bodo},
  booktitle={Proceedings of the IEEE/CVF winter conference on applications of computer vision},
  pages={1907--1916},
  year={2021}
}
% [16]
@inproceedings{rudolph2022fully,
  title={Fully convolutional cross-scale-flows for image-based defect detection},
  author={Rudolph, Marco and Wehrbein, Tom and Rosenhahn, Bodo and Wandt, Bastian},
  booktitle={Proceedings of the IEEE/CVF Winter Conference on Applications of Computer Vision},
  pages={1088--1097},
  year={2022}
}

%% 低分辨率的特征图[15] CFlow-AD
@inproceedings{gudovskiy2022cflow,
  title={Cflow-ad: Real-time unsupervised anomaly detection with localization via conditional normalizing flows},
  author={Gudovskiy, Denis and Ishizaka, Shun and Kozuka, Kazuki},
  booktitle={Proceedings of the IEEE/CVF winter conference on applications of computer vision},
  pages={98--107},
  year={2022}
}

%% 基于正则化流的检测方法[13][16]
% [13]
@inproceedings{rudolph2021same,
  title={Same same but differnet: Semi-supervised defect detection with normalizing flows},
  author={Rudolph, Marco and Wandt, Bastian and Rosenhahn, Bodo},
  booktitle={Proceedings of the IEEE/CVF winter conference on applications of computer vision},
  pages={1907--1916},
  year={2021}
}
% [16]
@inproceedings{rudolph2022fully,
  title={Fully convolutional cross-scale-flows for image-based defect detection},
  author={Rudolph, Marco and Wehrbein, Tom and Rosenhahn, Bodo and Wandt, Bastian},
  booktitle={Proceedings of the IEEE/CVF Winter Conference on Applications of Computer Vision},
  pages={1088--1097},
  year={2022}
}

%% 其他常见方法[15][16]一样
% [15]
@inproceedings{gudovskiy2022cflow,
  title={Cflow-ad: Real-time unsupervised anomaly detection with localization via conditional normalizing flows},
  author={Gudovskiy, Denis and Ishizaka, Shun and Kozuka, Kazuki},
  booktitle={Proceedings of the IEEE/CVF winter conference on applications of computer vision},
  pages={98--107},
  year={2022}
}
% [16]
@inproceedings{rudolph2022fully,
  title={Fully convolutional cross-scale-flows for image-based defect detection},
  author={Rudolph, Marco and Wehrbein, Tom and Rosenhahn, Bodo and Wandt, Bastian},
  booktitle={Proceedings of the IEEE/CVF Winter Conference on Applications of Computer Vision},
  pages={1088--1097},
  year={2022}
}

%% 不是最后3个阶段的特征图[15]
@inproceedings{gudovskiy2022cflow,
  title={Cflow-ad: Real-time unsupervised anomaly detection with localization via conditional normalizing flows},
  author={Gudovskiy, Denis and Ishizaka, Shun and Kozuka, Kazuki},
  booktitle={Proceedings of the IEEE/CVF winter conference on applications of computer vision},
  pages={98--107},
  year={2022}
}

%% 自动捕捉文献[15]中所忽略的空间上下文信息
@inproceedings{gudovskiy2022cflow,
  title={Cflow-ad: Real-time unsupervised anomaly detection with localization via conditional normalizing flows},
  author={Gudovskiy, Denis and Ishizaka, Shun and Kozuka, Kazuki},
  booktitle={Proceedings of the IEEE/CVF winter conference on applications of computer vision},
  pages={98--107},
  year={2022}
}

%% 像素级异常评分图的最大值[5][15]
% [5]
@article{zavrtanik2021reconstruction,
  title={Reconstruction by inpainting for visual anomaly detection},
  author={Zavrtanik, Vitjan and Kristan, Matej and Sko{\v{c}}aj, Danijel},
  journal={Pattern Recognition},
  volume={112},
  pages={107706},
  year={2021},
  publisher={Elsevier}
}
%[15]
@inproceedings{gudovskiy2022cflow,
  title={Cflow-ad: Real-time unsupervised anomaly detection with localization via conditional normalizing flows},
  author={Gudovskiy, Denis and Ishizaka, Shun and Kozuka, Kazuki},
  booktitle={Proceedings of the IEEE/CVF winter conference on applications of computer vision},
  pages={98--107},
  year={2022}
}

%% 像素级异常评分图的平均值[13][16]
% [13]
@inproceedings{rudolph2021same,
  title={Same same but differnet: Semi-supervised defect detection with normalizing flows},
  author={Rudolph, Marco and Wandt, Bastian and Rosenhahn, Bodo},
  booktitle={Proceedings of the IEEE/CVF winter conference on applications of computer vision},
  pages={1907--1916},
  year={2021}
}
% [16]
@inproceedings{rudolph2022fully,
  title={Fully convolutional cross-scale-flows for image-based defect detection},
  author={Rudolph, Marco and Wehrbein, Tom and Rosenhahn, Bodo and Wandt, Bastian},
  booktitle={Proceedings of the IEEE/CVF Winter Conference on Applications of Computer Vision},
  pages={1088--1097},
  year={2022}
}

%% DevNet[59] 56
@article{pang2021explainable,
  title={Explainable deep few-shot anomaly detection with deviation networks},
  author={Pang, Guansong and Ding, Choubo and Shen, Chunhua and Hengel, Anton van den},
  journal={arXiv preprint arXiv:2108.00462},
  year={2021}
}

%% WideResNet-50（WRN-50）[35] 49 Wide residual networks 63
@article{zagoruyko2016wide,
  title={Wide residual networks},
  author={Zagoruyko, Sergey},
  journal={arXiv preprint arXiv:1605.07146},
  year={2016}
}

%% ResNet-18 [34] 48
@inproceedings{he2016deep,
  title={Deep residual learning for image recognition},
  author={He, Kaiming and Zhang, Xiangyu and Ren, Shaoqing and Sun, Jian},
  booktitle={Proceedings of the IEEE conference on computer vision and pattern recognition},
  pages={770--778},
  year={2016}
}

%% SSPCAB [7]
@inproceedings{ristea2022self,
  title={Self-supervised predictive convolutional attentive block for anomaly detection},
  author={Ristea, Nicolae-C{\u{a}}t{\u{a}}lin and Madan, Neelu and Ionescu, Radu Tudor and Nasrollahi, Kamal and Khan, Fahad Shahbaz and Moeslund, Thomas B and Shah, Mubarak},
  booktitle={Proceedings of the IEEE/CVF conference on computer vision and pattern recognition},
  pages={13576--13586},
  year={2022}
}

%% RD4AD [8]
@inproceedings{deng2022anomaly,
  title={Anomaly detection via reverse distillation from one-class embedding},
  author={Deng, Hanqiu and Li, Xingyu},
  booktitle={Proceedings of the IEEE/CVF conference on computer vision and pattern recognition},
  pages={9737--9746},
  year={2022}
}

%%%%%%%%%%%%%%%%%%% DiffSeg部分
%% 自编码器（AE）（Bergmann 等，2018；Tang 等，2020）
% Bergmann 等，2018
@article{bergmann2018improving,
  title={Improving unsupervised defect segmentation by applying structural similarity to autoencoders},
  author={Bergmann, Paul and L{\"o}we, Sindy and Fauser, Michael and Sattlegger, David and Steger, Carsten},
  journal={arXiv preprint arXiv:1807.02011},
  year={2018}
}
% Tang 等，2020
@article{tang2020anomaly,
  title={Anomaly detection neural network with dual auto-encoders GAN and its industrial inspection applications},
  author={Tang, Ta-Wei and Kuo, Wei-Han and Lan, Jauh-Hsiang and Ding, Chien-Fang and Hsu, Hakiem and Young, Hong-Tsu},
  journal={Sensors},
  volume={20},
  number={12},
  pages={3336},
  year={2020},
  publisher={MDPI}
}

%% 生成式对抗网络（GAN）（Akcay 等，2018；Schlegl 等，2017a；Zenati 等，2018；）
% Akcay 等，2018
@inproceedings{akcay2019ganomaly,
  title={Ganomaly: Semi-supervised anomaly detection via adversarial training},
  author={Akcay, Samet and Atapour-Abarghouei, Amir and Breckon, Toby P},
  booktitle={Computer Vision--ACCV 2018: 14th Asian Conference on Computer Vision, Perth, Australia, December 2--6, 2018, Revised Selected Papers, Part III 14},
  pages={622--637},
  year={2019},
  organization={Springer}
}
% Schlegl 等，2017a
@inproceedings{schlegl2017unsupervised,
  title={Unsupervised anomaly detection with generative adversarial networks to guide marker discovery},
  author={Schlegl, Thomas and Seeb{\"o}ck, Philipp and Waldstein, Sebastian M and Schmidt-Erfurth, Ursula and Langs, Georg},
  booktitle={International conference on information processing in medical imaging},
  pages={146--157},
  year={2017},
  organization={Springer}
}
% Zenati 等，2018
@article{zenati2018efficient,
  title={Efficient gan-based anomaly detection},
  author={Zenati, Houssam and Foo, Chuan Sheng and Lecouat, Bruno and Manek, Gaurav and Chandrasekhar, Vijay Ramaseshan},
  journal={arXiv preprint arXiv:1802.06222},
  year={2018}
}

%% 卷积神经网络（CNNs）（Wheeler 和 Karimi，2021；Chen 等，2017）
% Wheeler 和 Karimi，2021
@article{wheeler2021semantically,
  title={A semantically driven self-supervised algorithm for detecting anomalies in image sets},
  author={Wheeler, Bradley J and Karimi, Hassan A},
  journal={Computer Vision and Image Understanding},
  volume={213},
  pages={103279},
  year={2021},
  publisher={Elsevier}
}
% Chen 等，2017
@article{chen2017deeplab,
  title={Deeplab: Semantic image segmentation with deep convolutional nets, atrous convolution, and fully connected crfs},
  author={Chen, Liang-Chieh and Papandreou, George and Kokkinos, Iasonas and Murphy, Kevin and Yuille, Alan L},
  journal={IEEE transactions on pattern analysis and machine intelligence},
  volume={40},
  number={4},
  pages={834--848},
  year={2017},
  publisher={IEEE}
}

%% 基于嵌入的模型（Zheng 等，2021；Roth 等，2021；Cohen 和 Hoshen，2020；Defard 等，2021）
% Zheng 等，2021
@inproceedings{zheng2022focus,
  title={Focus your distribution: Coarse-to-fine non-contrastive learning for anomaly detection and localization},
  author={Zheng, Ye and Wang, Xiang and Deng, Rui and Bao, Tianpeng and Zhao, Rui and Wu, Liwei},
  booktitle={2022 IEEE International Conference on Multimedia and Expo (ICME)},
  pages={1--6},
  year={2022},
  organization={IEEE}
}
% Roth 等，2021 PatchCore
@inproceedings{roth2022towards,
  title={Towards total recall in industrial anomaly detection},
  author={Roth, Karsten and Pemula, Latha and Zepeda, Joaquin and Sch{\"o}lkopf, Bernhard and Brox, Thomas and Gehler, Peter},
  booktitle={Proceedings of the IEEE/CVF conference on computer vision and pattern recognition},
  pages={14318--14328},
  year={2022}
}
% Cohen 和 Hoshen，2020
@article{cohen2020sub,
  title={Sub-image anomaly detection with deep pyramid correspondences},
  author={Cohen, Niv and Hoshen, Yedid},
  journal={arXiv preprint arXiv:2005.02357},
  year={2020}
}
% Defard 等，2021 padim
@inproceedings{defard2021padim,
  title={Padim: a patch distribution modeling framework for anomaly detection and localization},
  author={Defard, Thomas and Setkov, Aleksandr and Loesch, Angelique and Audigier, Romaric},
  booktitle={International Conference on Pattern Recognition},
  pages={475--489},
  year={2021},
  organization={Springer}
}

%% Perlin噪声（Perlin，1985）
@article{perlin1985image,
  title={An image synthesizer},
  author={Perlin, Ken},
  journal={ACM Siggraph Computer Graphics},
  volume={19},
  number={3},
  pages={287--296},
  year={1985},
  publisher={ACM New York, NY, USA}
}

%% U-Net（Ronneberger et al.，2015）
@inproceedings{ronneberger2015u,
  title={U-net: Convolutional networks for biomedical image segmentation},
  author={Ronneberger, Olaf and Fischer, Philipp and Brox, Thomas},
  booktitle={Medical image computing and computer-assisted intervention--MICCAI 2015: 18th international conference, Munich, Germany, October 5-9, 2015, proceedings, part III 18},
  pages={234--241},
  year={2015},
  organization={Springer}
}

%% DTD纹理数据集（Cimpoi 等，2014） 45
@inproceedings{cimpoi2014describing,
  title={Describing textures in the wild},
  author={Cimpoi, Mircea and Maji, Subhransu and Kokkinos, Iasonas and Mohamed, Sammy and Vedaldi, Andrea},
  booktitle={Proceedings of the IEEE conference on computer vision and pattern recognition},
  pages={3606--3613},
  year={2014}
}

%% 鉴于多尺度特征融合在目标检测中的成功（Lin et al.，2017a；Chen等人，2021）
%Lin et al.，2017a
@inproceedings{lin2017feature,
  title={Feature pyramid networks for object detection},
  author={Lin, Tsung-Yi and Doll{\'a}r, Piotr and Girshick, Ross and He, Kaiming and Hariharan, Bharath and Belongie, Serge},
  booktitle={Proceedings of the IEEE conference on computer vision and pattern recognition},
  pages={2117--2125},
  year={2017}
}
% Chen等人，2021
@article{chen2021snipedet,
  title={SnipeDet: Attention-guided pyramidal prediction kernels for generic object detection},
  author={Chen, Suting and Cheng, Zehua and Zhang, Liangchen and Zheng, Yujie},
  journal={Pattern Recognition Letters},
  volume={152},
  pages={302--310},
  year={2021},
  publisher={Elsevier}
}

%% L1损失

%% 焦点损失（Focal Loss, Lin 等, 2017b）
@article{lin2017focal,
  title={Focal Loss for Dense Object Detection},
  author={Lin, T},
  journal={arXiv preprint arXiv:1708.02002},
  year={2017}
}

%% L2损失

%% P-SVDD-C
@article{ahn2022application,
  title={Application of optimal clustering and metric learning to patch-based anomaly detection},
  author={Ahn, Jae-Young and Kim, Gyeonghwan},
  journal={Pattern Recognition Letters},
  volume={154},
  pages={110--115},
  year={2022},
  publisher={Elsevier}
}

%% DeSTSeg
@inproceedings{bergmann2020uninformed,
  title={Uninformed students: Student-teacher anomaly detection with discriminative latent embeddings},
  author={Bergmann, Paul and Fauser, Michael and Sattlegger, David and Steger, Carsten},
  booktitle={Proceedings of the IEEE/CVF conference on computer vision and pattern recognition},
  pages={4183--4192},
  year={2020}
}

%% t-SNE [31]
@article{van2008visualizing,
  title={Visualizing data using t-SNE.},
  author={Van der Maaten, Laurens and Hinton, Geoffrey},
  journal={Journal of machine learning research},
  volume={9},
  number={11},
  year={2008}
}
 
%% 《中国制造 2025》
@article{李培根2016中国制造,
  title={中国制造2025},
  author={李培根},
  journal={广东科技},
  volume={25},
  number={17},
  pages={4},
  year={2016},
}

%% 《新一代人工智能发展规划》
@article{国防2017国务院印发《新一代人工智能发展规划》,
  title={国务院印发《新一代人工智能发展规划》},
  author={国防},
  journal={军民两用技术与产品},
  number={15},
  pages={1},
  year={2017},
}


